<?xml version="1.0" encoding="UTF-8"?><collection xmlns="http://www.loc.gov/MARC21/slim"><record><leader>00580nam--2200205-i-4500</leader><controlfield tag="001">000013004</controlfield><controlfield tag="002">20161230</controlfield><controlfield tag="005">20161230201030</controlfield><controlfield tag="008">060222s1000------------r-----000-0-eng-d</controlfield><datafield ind1=" " ind2=" " tag="020"><subfield code="a">0121378047</subfield></datafield><datafield ind1=" " ind2=" " tag="040"><subfield code="a">IFIN-HH</subfield></datafield><datafield ind1=" " ind2=" " tag="080"><subfield code="a">539.124.164:539.19(082.1)</subfield></datafield><datafield ind1="1" ind2=" " tag="100"><subfield code="a">Brundle, C. R</subfield></datafield><datafield ind1="1" ind2="0" tag="245"><subfield code="a">Electron spectroscopy: theory, techniques and applications</subfield><subfield code="c">C.R. BRUNDLE; A.D. BAKER (Eds.)</subfield></datafield><datafield ind1=" " ind2=" " tag="260"><subfield code="a">SAN FRANCISCO</subfield><subfield code="b">Academic Press</subfield></datafield><datafield ind1=" " ind2=" " tag="300"><subfield code="a">2 VOLUME</subfield></datafield><datafield ind1="1" ind2=" " tag="700"><subfield code="a">Baker, A. D</subfield><subfield code="e">Ed</subfield></datafield><datafield ind1="0" ind2=" " tag="787"><subfield code="a">Vol. 4</subfield><subfield code="d">1981</subfield></datafield><datafield ind1=" " ind2=" " tag="852"><subfield code="a">46961</subfield><subfield code="c">535.33</subfield></datafield><datafield ind1=" " ind2=" " tag="CAT"><subfield code="a">Sys</subfield><subfield code="c">20101214</subfield><subfield code="h">161520</subfield></datafield></record></collection>